@inproceedings{humanoid_motion_planning,
  author    = {Vahrenkamp, et. al.},
  title     = {Humanoid Motion Planning for Dual-Arm Manipulation and Re-Grasping Tasks},
  year      = {2009},
  month     = {October}
}

@inproceedings{wgr_planning,
  author    = {Berenson, et. al.},
  title     = {Humanoid Motion Planning for Dual-Arm Manipulation and Re-Grasping Tasks},
  year      = {2009}
}

@inproceedings{random_planner_wo_ik,
  author    = {M. Vande Weghe, D. Ferguson, S. Srinivasa},
  title     = {Randomized Path Planning for Redundant Manipulators without Inverse Kinematics},
  year      = {2007}
}

@inproceedings{obstacle_avoidance_w_fields,
  title={An Obstacle Avoidance Algorithm for a Mobile Robot Based upon the Potential Field Method},
  author={T. Wilschut},
  year={2011}
  month={November}
  organizaton={Eindhoven University of Technology}
}

@inproceedings{gazebo,
  title={Design and use paradigms for gazebo, an open-source multi-robot simulator},
  author={Koenig, Nathan and Howard, Andrew},
  booktitle={Intelligent Robots and Systems, 2004.(IROS 2004). Proceedings. 2004 IEEE/RSJ International Conference on},
  volume={3},
  pages={2149--2154},
  year={2004},
  organization={IEEE}
}